<?xml version="1.0" encoding="UTF-8"?><collection xmlns="http://www.loc.gov/MARC21/slim"><record><leader>00486nam--2200169-i-4500</leader><controlfield tag="001">000043251</controlfield><controlfield tag="002">20161230</controlfield><controlfield tag="005">20161230201043</controlfield><controlfield tag="008">060222s1000------------r-----000-0-eng-d</controlfield><datafield ind1=" " ind2=" " tag="040"><subfield code="a">IFIN-HH</subfield></datafield><datafield ind1=" " ind2=" " tag="080"><subfield code="a">533.6.011(043)</subfield></datafield><datafield ind1="1" ind2=" " tag="100"><subfield code="a">Sutton,R</subfield></datafield><datafield ind1="1" ind2="0" tag="245"><subfield code="a">Spreading of a gas stream in an air-water cocurrent bubbly flow. dissertation</subfield><subfield code="c">R.f. sutton</subfield></datafield><datafield ind1=" " ind2=" " tag="260"><subfield code="a">An Arbor, Michigan, Univ.Microfilm,Inc.,1968</subfield></datafield><datafield ind1=" " ind2=" " tag="300"><subfield code="a">176 P</subfield></datafield><datafield ind1=" " ind2=" " tag="852"><subfield code="a">40574</subfield><subfield code="c">533.6</subfield></datafield><datafield ind1=" " ind2=" " tag="CAT"><subfield code="a">Sys</subfield><subfield code="c">20100906</subfield><subfield code="h">153048</subfield></datafield></record></collection>